@Book{iaml:11,
	author = {Katti Faceli and Ana Carolina Lorena and João Gama and André
Carlos Ponce de Leon Ferreira Carvalho},
	title = {Inteligência Artificial: Uma Abordagem de Aprendizado de Máquina},
	publisher = {LTC},
	year = {2011},
	edition = {1}
}
