@Book{iaml:11,
    author = {Katti Faceli and Ana Carolina Lorena and João Gama and André
Carlos Ponce de Leon Ferreira Carvalho},
    title = {Inteligência Artificial: Uma Abordagem de Aprendizado de Máquina},
    publisher = {LTC},
    year = {2011},
    edition = {1}
}

@misc{site:rtg,
    author = "Vangelis Bibakis",
    title = "Random Text Generator",
    url = "http://www.randomtextgenerator.com/",
	howpublished = "\url{http://www.randomtextgenerator.com/}"
}

@misc{site:lero,
    author = "Miguel Borges",
    title = "O Fabuloso Gerador De Lero Lero v3",
    url = "http://lerolero.miguelborges.com/",
    howpublished = "\url{http://lerolero.miguelborges.com/}"
}

@misc{site:knn,
    author = "Srishti Sawla",
    title = "K-Nearest Neighbors",
    url = "https://medium.com/@srishtisawla/k-nearest-neighbors-f77f6ee6b7f5",
    howpublished = "\url{https://medium.com/@srishtisawla/k-nearest-neighbors-f77f6ee6b7f5}"
}
